
@book{1,
  title={Estatística Aplicada e Probabilidade Para Engenheiros.},
  author={MONTGOMERY, Donald C.; RUNGER, George },
  year={2012},
  publisher={LTC; 5ª ed.}
}

@misc{2,
  title = {Melhores Práticas - Planejamento de Experimentos (DOE)},
  author = {TAHARA, Sayuri},
  year = {2008},
  howpublished = {http://www.portaldeconhecimentos.org.br/index.php/por/Conteudo/Planejamento-de-Experimentos-DOE},
}

@book{3,
  title={A systematic approach to planning for a designed industrial experiment.},
  author={COLEMAN, D. E.; MONTGOMERY, D. C. },
  year={1993},
  publisher={Technometrics}
}
@misc{4,
  title = {ANÁLISE DE REGRESSÃO},
  author = {Portal Action},
  year = {s.d.},
  howpublished = {http://www.portalaction.com.br/analise-de-regressao},
}

@misc{5,
  title = {15 tipos de regressão mais frequentes},
  author = {MARIA, Júlia},
  year = {s.d.},
   howpublished = {https://rpubs.com/JulhinhaM/395633},
}